@article{nadaraya1964estimating,
  title={On estimating regression},
  author={Nadaraya, Elizbar A},
  journal={Theory of Probability \& Its Applications},
  volume={9},
  number={1},
  pages={141--142},
  year={1964},
  publisher={SIAM}
}

@article{international2011genetic,
  title={Genetic risk and a primary role for cell-mediated immune mechanisms in multiple sclerosis},
  author={International Multiple Sclerosis Genetics Consortium and Wellcome Trust Case Control Consortium 2 and others},
  journal={Nature},
  volume={476},
  number={7359},
  pages={214--219},
  year={2011},
  publisher={Nature Publishing Group}
}

@article{watson1964smooth,
  title={Smooth regression analysis},
  author={Watson, Geoffrey S},
  journal={Sankhy{\=a}: The Indian Journal of Statistics, Series A},
  pages={359--372},
  year={1964},
  publisher={JSTOR}
}

@article{boraska2014genome,
  title={A genome-wide association study of anorexia nervosa},
  author={Boraska, Vesna and Franklin, Christopher S and Floyd, James AB and Thornton, Laura M and Huckins, Laura M and Southam, Lorraine and Rayner, N William and Tachmazidou, Ioanna and Klump, Kelly L and Treasure, Janet and others},
  journal={Molecular psychiatry},
  year={2014},
  publisher={Nature Publishing Group}
}

@article{hall2001nonparametric,
  title={Nonparametric kernel regression subject to monotonicity constraints},
  author={Hall, Peter and Huang, Li-Shan},
  journal={Annals of Statistics},
  pages={624--647},
  year={2001},
  publisher={JSTOR}
}



@article{golan2013narrowing,
  title={Narrowing the gap on heritability of common disease by direct estimation in case-control GWAS},
  author={Golan, David and Rosset, Saharon},
  journal={arXiv preprint arXiv:1305.5363},
  year={2013}
}

@article{epanechnikov1969non,
  title={Non-parametric estimation of a multivariate probability density},
  author={Epanechnikov, Vassiliy A},
  journal={Theory of Probability \& Its Applications},
  volume={14},
  number={1},
  pages={153--158},
  year={1969},
  publisher={SIAM}
}

@article{buliksullivan2014he,
  title={{R}relationship between {H}aseman-{E}lston {R}egression and {LD} {S}core {R}egression},
  author={Bulik-Sullivan, Brendan},
  journal={In {P}reparation},
  year={2014},
}


@article{buliksullivan2014kernel,
  title={{I}nferring {G}enetic {A}rchitecture with {LD} {S}core {K}ernel {R}egression},
  author={Bulik-Sullivan, Brendan},
  journal={In {P}reparation},
  year={2014},
}

@article{finucane2014partitioning,
  title={Partitioning Heritability with LD Score regression},
  author={Finucane, Hilary K and Bulik-Sullivan, Brendan},
  journal={In preparation},
  year={2014},
}


@article{buliksullivan2014estimating,
  title={Estimating Genetic Correlation from GWAS Summary Data},
  author={Bulik-Sullivan, Brendan and Finucane, Hilary K},
  journal={In preparation},
  year={2014},
}

@article{wright2014heritability,
  title={Heritability and genomics of gene expression in peripheral blood},
  author={Wright, Fred A and Sullivan, Patrick F and Brooks, Andrew I and Zou, Fei and Sun, Wei and Xia, Kai and Madar, Vered and Jansen, Rick and Chung, Wonil and Zhou, Yi-Hui and others},
  journal={Nature genetics},
  volume={46},
  number={5},
  pages={430--437},
  year={2014},
  publisher={Nature Publishing Group}
}

@article{international2011genetic,
  title={Genetic variants in novel pathways influence blood pressure and cardiovascular disease risk},
  author={International Consortium for Blood Pressure Genome-Wide Association Studies and others},
  journal={Nature},
  volume={478},
  number={7367},
  pages={103--109},
  year={2011},
  publisher={Nature Publishing Group}
}

@article{busing1999delete,
  title={Delete-m jackknife for unequal m},
  author={Busing, Frank MTA and Meijer, Erik and Van Der Leeden, Rien},
  journal={Statistics and Computing},
  volume={9},
  number={1},
  pages={3--8},
  year={1999},
  publisher={Springer}
}

@article{do2013common,
  title={Common variants associated with plasma triglycerides and risk for coronary artery disease},
  author={Do, Ron and Willer, Cristen J and Schmidt, Ellen M and Sengupta, Sebanti and Gao, Chi and Peloso, Gina M and Gustafsson, Stefan and Kanoni, Stavroula and Ganna, Andrea and Chen, Jin and others},
  journal={Nature genetics},
  volume={45},
  number={11},
  pages={1345--1352},
  year={2013},
  publisher={Nature Publishing Group}
}

@book{angrist2008mostly,
  title={Mostly harmless econometrics: An empiricist's companion},
  author={Angrist, Joshua D and Pischke, J{\"o}rn-Steffen},
  year={2008},
  publisher={Princeton university press}
}

@article{price2006principal,
  title={Principal components analysis corrects for stratification in genome-wide association studies},
  author={Price, Alkes L and Patterson, Nick J and Plenge, Robert M and Weinblatt, Michael E and Shadick, Nancy A and Reich, David},
  journal={Nature genetics},
  volume={38},
  number={8},
  pages={904--909},
  year={2006},
  publisher={Nature Publishing Group}
}

@article{patterson2006population,
  title={Population structure and eigenanalysis},
  author={Patterson, Nick and Price, Alkes L and Reich, David},
  journal={PLoS genetics},
  volume={2},
  number={12},
  pages={e190},
  year={2006},
  publisher={Public Library of Science}
}

@article{price2011,
  title={Single-tissue and cross-tissue heritability of gene expression via identity-by-descent in related or unrelated individuals},
  author={Price, Alkes L and Helgason, Agnar and Thorleifsson, Gudmar and McCarroll, Steven A and Kong, Augustine and Stefansson, Kari},
  journal={PLoS Genetics},
  volume={7},
  number={2},
  pages={e1001317},
  year={2011},
  publisher={Public Library of Science}
}

@article{speed2012improved,
  title={Improved heritability estimation from genome-wide SNPs},
  author={Speed, Doug and Hemani, Gibran and Johnson, Michael R and Balding, David J},
  journal={The American Journal of Human Genetics},
  volume={91},
  number={6},
  pages={1011--1021},
  year={2012},
  publisher={Elsevier}
}

@article{yang2011gcta,
  title={GCTA: a tool for genome-wide complex trait analysis},
  author={Yang, Jian and Lee, S Hong and Goddard, Michael E and Visscher, Peter M},
  journal={The American Journal of Human Genetics},
  volume={88},
  number={1},
  pages={76--82},
  year={2011},
  publisher={Elsevier}
}

@article{yang2010,
  title={Common SNPs explain a large proportion of the heritability for human height},
  author={Yang, Jian and Benyamin, Beben and McEvoy, Brian P and Gordon, Scott and Henders, Anjali K and Nyholt, Dale R and Madden, Pamela A and Heath, Andrew C and Martin, Nicholas G and Montgomery, Grant W and others},
  journal={Nature Genetics},
  volume={42},
  number={7},
  pages={565--569},
  year={2010},
  publisher={Nature Publishing Group}
}

@article{lee2012estimation,
  title={Estimation of pleiotropy between complex diseases using single-nucleotide polymorphism-derived genomic relationships and restricted maximum likelihood},
  author={Lee, Sang Hong and Yang, Jian and Goddard, Michael E and Visscher, Peter M and Wray, Naomi R},
  journal={Bioinformatics},
  volume={28},
  number={19},
  pages={2540--2542},
  year={2012},
  publisher={Oxford Univ Press}
}

@article{haseman1972,
  title={The investigation of linkage between a quantitative trait and a marker locus},
  author={Haseman, JK and Elston, RC},
  journal={Behavior Genetics},
  volume={2},
  number={1},
  pages={3--19},
  year={1972},
  publisher={Springer}
}

@article{buliksullivan2014,
  title={LD Score Regression Distinguishes Confounding from Polygenicity in Genome-Wide Association Studies},
  author={Bulik-Sullivan, Brendan and Loh, Po-Ru and Finucane, Hilary and Ripke, Stephan and Yang, Jian and Patterson, Nick and Daly, Mark J and Alkes L Price and Neale, Benjamin M},
  journal={bioRxiv},
  year={2014},
}

@article{devlin1999genomic,
  title={Genomic control for association studies},
  author={Devlin, B and Roeder, Kathryn},
  journal={Biometrics},
  volume={55},
  number={4},
  pages={997--1004},
  year={1999},
  publisher={Wiley Online Library}
}

@article{andreassen2013improved,
  title={Improved detection of common variants associated with schizophrenia and bipolar disorder using pleiotropy-informed conditional false discovery rate},
  author={Andreassen, Ole A and Thompson, Wesley K and Schork, Andrew J and Ripke, Stephan and Mattingsdal, Morten and Kelsoe, John R and Kendler, Kenneth S and O'Donovan, Michael C and Rujescu, Dan and Werge, Thomas and others},
  journal={PLoS Genetics},
  volume={9},
  number={4},
  pages={e1003455},
  year={2013},
  publisher={Public Library of Science}
}

@article{chen2014estimation,
  title={Estimation and partitioning of (co) heritability of inflammatory bowel disease from GWAS and immunochip data},
  author={Chen, Guo-Bo and Lee, Sang Hong and Brion, Marie-Jo A and Montgomery, Grant W and Wray, Naomi R and Radford-Smith, Graham L and Visscher, Peter M and others},
  journal={Human molecular genetics},
  pages={ddu174},
  year={2014},
  publisher={Oxford Univ Press}
}

@article{vattikuti2012heritability,
  title={Heritability and genetic correlations explained by common SNPs for metabolic syndrome traits},
  author={Vattikuti, Shashaank and Guo, Juen and Chow, Carson C},
  journal={PLoS genetics},
  volume={8},
  number={3},
  pages={e1002637},
  year={2012},
  publisher={Public Library of Science}
}
@article{schork2013all,
  title={All SNPs are not created equal: genome-wide association studies reveal a consistent pattern of enrichment among functionally annotated SNPs},
  author={Schork, Andrew J and Thompson, Wesley K and Pham, Phillip and Torkamani, Ali and Roddey, J Cooper and Sullivan, Patrick F and Kelsoe, John R and O'Donovan, Michael C and Furberg, Helena and Schork, Nicholas J and others},
  journal={PLoS Genetics},
  volume={9},
  number={4},
  pages={e1003449},
  year={2013},
  publisher={Public Library of Science}
}

@article{purcell2007plink,
  title={PLINK: a tool set for whole-genome association and population-based linkage analyses},
  author={Purcell, Shaun and Neale, Benjamin and Todd-Brown, Kathe and Thomas, Lori and Ferreira, Manuel AR and Bender, David and Maller, Julian and Sklar, Pamela and De Bakker, Paul IW and Daly, Mark J and others},
  journal={The American Journal of Human Genetics},
  volume={81},
  number={3},
  pages={559--575},
  year={2007},
  publisher={Elsevier}
}


@article{dudbridge2013power,
  title={Power and predictive accuracy of polygenic risk scores},
  author={Dudbridge, Frank},
  journal={PLoS genetics},
  volume={9},
  number={3},
  pages={e1003348},
  year={2013},
  publisher={Public Library of Science}
}

@article{10002012integrated,
  title={An integrated map of genetic variation from 1,092 human genomes},
  author={1000 Genomes Project Consortium and others},
  journal={Nature},
  volume={491},
  number={7422},
  pages={56--65},
  year={2012},
  publisher={Nature Publishing Group}
}

@article{international2010integrating,
  title={Integrating common and rare genetic variation in diverse human populations},
  author={International HapMap 3 Consortium and others},
  journal={Nature},
  volume={467},
  number={7311},
  pages={52--58},
  year={2010},
  publisher={Nature Publishing Group}  
}

@article{schork2013all,
  title={All SNPs are not created equal: genome-wide association studies reveal a consistent pattern of enrichment among functionally annotated SNPs},
  author={Schork, Andrew J and Thompson, Wesley K and Pham, Phillip and Torkamani, Ali and Roddey, J Cooper and Sullivan, Patrick F and Kelsoe, John R and O'Donovan, Michael C and Furberg, Helena and Schork, Nicholas J and others},
  journal={PLoS genetics},
  volume={9},
  number={4},
  pages={e1003449},
  year={2013},
  publisher={Public Library of Science}
}

@article{andreassen2013improved,
  title={Improved detection of common variants associated with schizophrenia and bipolar disorder using pleiotropy-informed conditional false discovery rate},
  author={Andreassen, Ole A and Thompson, Wesley K and Schork, Andrew J and Ripke, Stephan and Mattingsdal, Morten and Kelsoe, John R and Kendler, Kenneth S and O'Donovan, Michael C and Rujescu, Dan and Werge, Thomas and others},
  journal={PLoS genetics},
  volume={9},
  number={4},
  pages={e1003455},
  year={2013},
  publisher={Public Library of Science}
}

@article{andreassen2013improved2,
  title={Improved detection of common variants associated with schizophrenia by leveraging pleiotropy with cardiovascular-disease risk factors},
  author={Andreassen, Ole A and Djurovic, Srdjan and Thompson, Wesley K and Schork, Andrew J and Kendler, Kenneth S and O?Donovan, Michael C and Rujescu, Dan and Werge, Thomas and van de Bunt, Martijn and Morris, Andrew P and others},
  journal={The American Journal of Human Genetics},
  volume={92},
  number={2},
  pages={197--209},
  year={2013},
  publisher={Elsevier}
}

@article{lee2013estimation,
  title={Estimation of SNP heritability from dense genotype data},
  author={Lee, S Hong and Yang, Jian and Chen, Guo-Bo and Ripke, Stephan and Stahl, Eli A and Hultman, Christina M and Sklar, Pamela and Visscher, Peter M and Sullivan, Patrick F and Goddard, Michael E and others},
  journal={American journal of human genetics},
  volume={93},
  number={6},
  pages={1151},
  year={2013},
  publisher={Elsevier}
}
@article{moorjani2011history,
  title={The history of African gene flow into Southern Europeans, Levantines, and Jews},
  author={Moorjani, Priya and Patterson, Nick and Hirschhorn, Joel N and Keinan, Alon and Hao, Li and Atzmon, Gil and Burns, Edward and Ostrer, Harry and Price, Alkes L and Reich, David},
  journal={PLoS Genetics},
  volume={7},
  number={4},
  pages={e1001373},
  year={2011},
  publisher={Public Library of Science}
}

@article{speliotes2010association,
  title={Association analyses of 249,796 individuals reveal 18 new loci associated with body mass index},
  author={Speliotes, Elizabeth K and Willer, Cristen J and Berndt, Sonja I and Monda, Keri L and Thorleifsson, Gudmar and Jackson, Anne U and Allen, Hana Lango and Lindgren, Cecilia M and Luan, Jian'an and M{\"a}gi, Reedik and others},
  journal={Nature genetics},
  volume={42},
  number={11},
  pages={937--948},
  year={2010},
  publisher={Nature Publishing Group}
}

@article{allen2010hundreds,
  title={Hundreds of variants clustered in genomic loci and biological pathways affect human height},
  author={Allen, Hana Lango and Estrada, Karol and Lettre, Guillaume and Berndt, Sonja I and Weedon, Michael N and Rivadeneira, Fernando and Willer, Cristen J and Jackson, Anne U and Vedantam, Sailaja and Raychaudhuri, Soumya and others},
  journal={Nature},
  volume={467},
  number={7317},
  pages={832--838},
  year={2010},
  publisher={Nature Publishing Group}
}

@article{heid2010meta,
  title={Meta-analysis identifies 13 new loci associated with waist-hip ratio and reveals sexual dimorphism in the genetic basis of fat distribution},
  author={Heid, Iris M and Jackson, Anne U and Randall, Joshua C and Winkler, Thomas W and Qi, Lu and Steinthorsdottir, Valgerdur and Thorleifsson, Gudmar and Zillikens, M Carola and Speliotes, Elizabeth K and M{\"a}gi, Reedik and others},
  journal={Nature genetics},
  volume={42},
  number={11},
  pages={949--960},
  year={2010},
  publisher={Nature Publishing Group}
}

@article{yang2012fto,
  title={FTO genotype is associated with phenotypic variability of body mass index},
  author={Yang, Jian and Loos, Ruth JF and Powell, Joseph E and Medland, Sarah E and Speliotes, Elizabeth K and Chasman, Daniel I and Rose, Lynda M and Thorleifsson, Gudmar and Steinthorsdottir, Valgerdur and M{\"a}gi, Reedik and others},
  journal={Nature},
  volume={490},
  number={7419},
  pages={267--272},
  year={2012},
  publisher={Nature Publishing Group}
}

@article{berndt2013genome,
  title={Genome-wide meta-analysis identifies 11 new loci for anthropometric traits and provides insights into genetic architecture},
  author={Berndt, Sonja I and Gustafsson, Stefan and M{\"a}gi, Reedik and Ganna, Andrea and Wheeler, Eleanor and Feitosa, Mary F and Justice, Anne E and Monda, Keri L and Croteau-Chonka, Damien C and Day, Felix R and others},
  journal={Nature genetics},
  volume={45},
  number={5},
  pages={501--512},
  year={2013},
  publisher={Nature Publishing Group}
}

@article{prokopenko2014central,
  title={A Central Role for GRB10 in Regulation of Islet Function in Man},
  author={Prokopenko, Inga and Poon, Wenny and M{\"a}gi, Reedik and Prasad, Rashmi and Salehi, S Albert and Almgren, Peter and Osmark, Peter and Bouatia-Naji, Nabila and Wierup, Nils and Fall, Tove and others},
  journal={PLoS genetics},
  volume={10},
  number={4},
  pages={e1004235},
  year={2014},
  publisher={Public Library of Science}
}

@article{scott2012large,
  title={Large-scale association analyses identify new loci influencing glycemic traits and provide insight into the underlying biological pathways},
  author={Scott, Robert A and Lagou, Vasiliki and Welch, Ryan P and Wheeler, Eleanor and Montasser, May E and Luan, Jian'an and M{\"a}gi, Reedik and Strawbridge, Rona J and Rehnberg, Emil and Gustafsson, Stefan and others},
  journal={Nature genetics},
  volume={44},
  number={9},
  pages={991--1005},
  year={2012},
  publisher={Nature Publishing Group}
}

@article{manning2012genome,
  title={A genome-wide approach accounting for body mass index identifies genetic variants influencing fasting glycemic traits and insulin resistance},
  author={Manning, Alisa K and Hivert, Marie-France and Scott, Robert A and Grimsby, Jonna L and Bouatia-Naji, Nabila and Chen, Han and Rybin, Denis and Liu, Ching-Ti and Bielak, Lawrence F and Prokopenko, Inga and others},
  journal={Nature genetics},
  volume={44},
  number={6},
  pages={659--669},
  year={2012},
  publisher={Nature Publishing Group}
}

@article{strawbridge2011genome,
  title={Genome-wide association identifies nine common variants associated with fasting proinsulin levels and provides new insights into the pathophysiology of type 2 diabetes},
  author={Strawbridge, Rona J and Dupuis, Jos{\'e}e and Prokopenko, Inga and Barker, Adam and Ahlqvist, Emma and Rybin, Denis and Petrie, John R and Travers, Mary E and Bouatia-Naji, Nabila and Dimas, Antigone S and others},
  journal={Diabetes},
  volume={60},
  number={10},
  pages={2624--2634},
  year={2011},
  publisher={Am Diabetes Assoc}
}

@article{soranzo2010common,
  title={Common variants at 10 genomic loci influence hemoglobin A1C levels via glycemic and nonglycemic pathways},
  author={Soranzo, Nicole and Sanna, Serena and Wheeler, Eleanor and Gieger, Christian and Radke, D{\"o}rte and Dupuis, Jos{\'e}e and Bouatia-Naji, Nabila and Langenberg, Claudia and Prokopenko, Inga and Stolerman, Elliot and others},
  journal={Diabetes},
  volume={59},
  number={12},
  pages={3229--3239},
  year={2010},
  publisher={Am Diabetes Assoc}
}
@article{saxena2010genetic,
  title={Genetic variation in GIPR influences the glucose and insulin responses to an oral glucose challenge},
  author={Saxena, Richa and Hivert, Marie-France and Langenberg, Claudia and Tanaka, Toshiko and Pankow, James S and Vollenweider, Peter and Lyssenko, Valeriya and Bouatia-Naji, Nabila and Dupuis, Jos{\'e}e and Jackson, Anne U and others},
  journal={Nature genetics},
  volume={42},
  number={2},
  pages={142--148},
  year={2010},
  publisher={Nature Publishing Group}
}

@article{dupuis2010new,
  title={New genetic loci implicated in fasting glucose homeostasis and their impact on type 2 diabetes risk},
  author={Dupuis, Jos{\'e}e and Langenberg, Claudia and Prokopenko, Inga and Saxena, Richa and Soranzo, Nicole and Jackson, Anne U and Wheeler, Eleanor and Glazer, Nicole L and Bouatia-Naji, Nabila and Gloyn, Anna L and others},
  journal={Nature genetics},
  volume={42},
  number={2},
  pages={105--116},
  year={2010},
  publisher={Nature Publishing Group}
}

@article{schunkert2011large,
  title={Large-scale association analysis identifies 13 new susceptibility loci for coronary artery disease},
  author={Schunkert, Heribert and K{\"o}nig, Inke R and Kathiresan, Sekar and Reilly, Muredach P and Assimes, Themistocles L and Holm, Hilma and Preuss, Michael and Stewart, Alexandre FR and Barbalic, Maja and Gieger, Christian and others},
  journal={Nature genetics},
  volume={43},
  number={4},
  pages={333--338},
  year={2011},
  publisher={Nature Publishing Group}
}

@article{morris2012large,
  title={Large-scale association analysis provides insights into the genetic architecture and pathophysiology of type 2 diabetes},
  author={Morris, Andrew P and Voight, Benjamin F and Teslovich, Tanya M and Ferreira, Teresa and Segre, Ayellet V and Steinthorsdottir, Valgerdur and Strawbridge, Rona J and Khan, Hassan and Grallert, Harald and Mahajan, Anubha and others},
  journal={Nature genetics},
  volume={44},
  number={9},
  pages={981},
  year={2012},
  publisher={NIH Public Access}
}

@article{stahl2010genome,
  title={Genome-wide association study meta-analysis identifies seven new rheumatoid arthritis risk loci},
  author={Stahl, Eli A and Raychaudhuri, Soumya and Remmers, Elaine F and Xie, Gang and Eyre, Stephen and Thomson, Brian P and Li, Yonghong and Kurreeman, Fina AS and Zhernakova, Alexandra and Hinks, Anne and others},
  journal={Nature genetics},
  volume={42},
  number={6},
  pages={508--514},
  year={2010},
  publisher={Nature Publishing Group}
}

@article{lambert2013meta,
  title={Meta-analysis of 74,046 individuals identifies 11 new susceptibility loci for Alzheimer's disease},
  author={Lambert, Jean-Charles and Ibrahim-Verbaas, Carla A and Harold, Denise and Naj, Adam C and Sims, Rebecca and Bellenguez, C{\'e}line and Jun, Gyungah and DeStefano, Anita L and Bis, Joshua C and Beecham, Gary W and others},
  journal={Nature genetics},
  year={2013},
  publisher={Nature Publishing Group}
}

@article{jostins2012host,
  title={Host-microbe interactions have shaped the genetic architecture of inflammatory bowel disease},
  author={Jostins, Luke and Ripke, Stephan and Weersma, Rinse K and Duerr, Richard H and McGovern, Dermot P and Hui, Ken Y and Lee, James C and Schumm, L Philip and Sharma, Yashoda and Anderson, Carl A and others},
  journal={Nature},
  volume={491},
  number={7422},
  pages={119--124},
  year={2012},
  publisher={Nature Publishing Group}
}

@article{teslovich2010biological,
  title={Biological, clinical and population relevance of 95 loci for blood lipids},
  author={Teslovich, Tanya M and Musunuru, Kiran and Smith, Albert V and Edmondson, Andrew C and Stylianou, Ioannis M and Koseki, Masahiro and Pirruccello, James P and Ripatti, Samuli and Chasman, Daniel I and Willer, Cristen J and others},
  journal={Nature},
  volume={466},
  number={7307},
  pages={707--713},
  year={2010},
  publisher={Nature Publishing Group}
}

@article{tobacco2010genome,
  title={Genome-wide meta-analyses identify multiple loci associated with smoking behavior},
  author={Tobacco and Genetics Consortium and others},
  journal={Nature genetics},
  volume={42},
  number={5},
  pages={441--447},
  year={2010},
  publisher={Nature Publishing Group}
}

@article{schizophrenia2014biological,
  title={Biological insights from 108 schizophrenia-associated genetic loci},
  author={Schizophrenia Working Group of the Psychiatric Genomics Consortium and others},
  journal={Nature},
  volume={511},
  number={7510},
  pages={421--427},
  year={2014},
  publisher={Nature Publishing Group}
}

@article{sklar2011large,
  title={Large-scale genome-wide association analysis of bipolar disorder identifies a new susceptibility locus near ODZ4},
  author={Sklar, Pamela and Ripke, Stephan and Scott, Laura J and Andreassen, Ole A and Cichon, Sven and Craddock, Nick and Edenberg, Howard J and Nurnberger, John I and Rietschel, Marcella and Blackwood, Douglas and others},
  journal={Nature genetics},
  volume={43},
  number={10},
  pages={977},
  year={2011},
  publisher={Inserm}
}

@article{cross2013identification,
  title={Identification of risk loci with shared effects on five major psychiatric disorders: a genome-wide analysis},
  author={Cross-Disorder Group of the Psychiatric Genomics Consortium and others},
  journal={Lancet},
  volume={381},
  number={9875},
  pages={1371},
  year={2013},
  publisher={NIH Public Access}
}

@article{ripke2012mega,
  title={A mega-analysis of genome-wide association studies for major depressive disorder},
  author={Ripke, Stephan and Wray, Naomi R and Lewis, Cathryn M and Hamilton, Steven P and Weissman, Myrna M and Breen, Gerome and Byrne, Enda M and Blackwood, Douglas HR and Boomsma, Dorret I and Cichon, Sven and others},
  journal={Molecular psychiatry},
  volume={18},
  number={4},
  pages={497--511},
  year={2012},
  publisher={Nature Publishing Group}
}

@article{neale2010meta,
  title={Meta-analysis of genome-wide association studies of attention-deficit/hyperactivity disorder},
  author={Neale, Benjamin M and Medland, Sarah E and Ripke, Stephan and Asherson, Philip and Franke, Barbara and Lesch, Klaus-Peter and Faraone, Stephen V and Nguyen, Thuy Trang and Sch{\"a}fer, Helmut and Holmans, Peter and others},
  journal={Journal of the American Academy of Child \& Adolescent Psychiatry},
  volume={49},
  number={9},
  pages={884--897},
  year={2010},
  publisher={Elsevier}
}

@article{rietveld2013gwas,
  title={GWAS of 126,559 individuals identifies genetic variants associated with educational attainment},
  author={Rietveld, Cornelius A and Medland, Sarah E and Derringer, Jaime and Yang, Jian and Esko, T{\~o}nu and Martin, Nicolas W and Westra, Harm-Jan and Shakhbazov, Konstantin and Abdellaoui, Abdel and Agrawal, Arpana and others},
  journal={Science},
  volume={340},
  number={6139},
  pages={1467--1471},
  year={2013},
  publisher={American Association for the Advancement of Science}
}

@article{pgccdg2013,
  title={Genetic relationship between five psychiatric disorders estimated from genome-wide SNPs},
  author={Cross-Disorder Group of the Psychiatric Genomics Consortium and others},
  journal={Nature Genetics},
  year={2013},
  publisher={Nature Publishing Group}
}




